<record><leader>00000cas a22000007a 4500</leader><controlfield tag="001">12201588</controlfield><controlfield tag="008">850626d1801180uohuwr ne      0    0eng d</controlfield><datafield ind1=" " ind2=" " tag="010"><subfield code="a">sn 85026394 </subfield></datafield><datafield ind1=" " ind2=" " tag="040"><subfield code="a">NPX</subfield><subfield code="b">eng</subfield><subfield code="c">NPX</subfield><subfield code="d">DLC</subfield><subfield code="d">NPU</subfield><subfield code="d">OCLCQ</subfield></datafield><datafield ind1=" " ind2=" " tag="042"><subfield code="a">msc</subfield></datafield><datafield ind1="0" ind2="0" tag="050"><subfield code="a">Newspaper 9214-X</subfield></datafield><datafield ind1="0" ind2="4" tag="245"><subfield code="a">The Ohio gazette and the territorial and Virginia herald.</subfield></datafield><datafield ind1=" " ind2=" " tag="260"><subfield code="a">Marietta, North-Western Territory [i.e. Ohio] :</subfield><subfield code="b">Printed by Wyllys Silliman</subfield></datafield><datafield ind1=" " ind2=" " tag="300"><subfield code="a">v. ;</subfield><subfield code="c">46 cm.</subfield></datafield><datafield ind1=" " ind2=" " tag="310"><subfield code="a">Weekly</subfield></datafield><datafield ind1="1" ind2=" " tag="362"><subfield code="a">Began with Dec. 18, 1801 issue.</subfield><subfield code="z">Cf. Brigham, C.S. Amer. newspapers.</subfield></datafield><datafield ind1=" " ind2=" " tag="500"><subfield code="a">References: Shaw &amp; Shoemaker 1075; Brigham, C.S. Amer. newspapers, p. 810.</subfield></datafield><datafield ind1=" " ind2=" " tag="500"><subfield code="a">Ceased in 1802 or 1803.</subfield></datafield><datafield ind1=" " ind2=" " tag="588"><subfield code="a">Description based on: Vol. 1, no. 3 (Jan. 1, 1802).</subfield></datafield><datafield ind1="1" ind2=" " tag="700"><subfield code="a">Silliman, Wyllys.</subfield></datafield><datafield ind1=" " ind2=" " tag="752"><subfield code="a">United States</subfield><subfield code="b">Ohio</subfield><subfield code="c">Washington</subfield><subfield code="d">Marietta.</subfield></datafield><datafield ind1="0" ind2="0" tag="785"><subfield code="t">Ohio gazette and Virginia herald</subfield><subfield code="w">(DLC)sn 84028524</subfield></datafield><datafield ind1="1" ind2=" " tag="029"><subfield code="a">AU@</subfield><subfield code="b">000025828908</subfield></datafield></record>